@article{brette2005adaptive,
  title={Adaptive exponential integrate-and-fire model as an effective description of neuronal activity},
  author={Brette, Romain and Gerstner, Wulfram},
  journal={Journal of neurophysiology},
  volume={94},
  number={5},
  pages={3637--3642},
  year={2005},
  publisher={American Physiological Society}
}
@article{banino2018vector,
  title={Vector-based navigation using grid-like representations in artificial agents},
  author={Banino, Andrea and Barry, Caswell and Uria, Benigno and Blundell, Charles and Lillicrap, Timothy and Mirowski, Piotr and Pritzel, Alexander and Chadwick, Martin J and Degris, Thomas and Modayil, Joseph and others},
  journal={Nature},
  volume={557},
  number={7705},
  pages={429--433},
  year={2018},
  publisher={Nature Publishing Group}
}

@misc{neuralensemble, title={pyNN.neuron implementation of AdExp is unstable, gives poor results. · Issue #266 · NeuralEnsemble/PyNN}, url={https://github.com/NeuralEnsemble/PyNN/issues/266}, journal={GitHub}, author={NeuralEnsemble}}

@misc{neuralensemble, title={AdExp neuron with delta_T=0 doesn't produce spikes with Brian backend · Issue #370 · NeuralEnsemble/PyNN}, url={https://github.com/NeuralEnsemble/PyNN/issues/370}, journal={GitHub}, author={NeuralEnsemble}}

@article{bluepyopt,
 AUTHOR={Van Geit, Werner  and  Gevaert, Michael  and  Chindemi, Giuseppe  and  Rössert, Christian  and  Courcol, Jean-Denis  and  Muller, Eilif Benjamin  and  Schürmann, Felix  and  Segev, Idan  and  Markram, Henry},   
TITLE={BluePyOpt: Leveraging open source software and cloud infrastructure to optimise model parameters in neuroscience},
JOURNAL={Frontiers in Neuroinformatics},
VOLUME={10},
YEAR={2016},
NUMBER={17},
URL={http://www.frontiersin.org/neuroinformatics/10.3389/fninf.2016.00017/abstract},
DOI={10.3389/fninf.2016.00017},
ISSN={1662-5196}
}
@article{tripathy2014neuroelectro,
  title={NeuroElectro: a window to the world's neuron electrophysiology data},
  author={Tripathy, Shreejoy J and Savitskaya, Judith and Burton, Shawn D and Urban, Nathaniel N and Gerkin, Richard C},
  journal={Frontiers in neuroinformatics},
  volume={8},
  pages={40},
  year={2014},
  publisher={Frontiers}
}
@article{teeter2018generalized,
  title={Generalized leaky integrate-and-fire models classify multiple neuron types},
  author={Teeter, Corinne and Iyer, Ramakrishnan and Menon, Vilas and Gouwens, Nathan and Feng, David and Berg, Jim and Szafer, Aaron and Cain, Nicholas and Zeng, Hongkui and Hawrylycz, Michael and others},
  journal={Nature communications},
  volume={9},
  number={1},
  pages={1--15},
  year={2018},
  publisher={Nature Publishing Group}
}

@article{izhikevich2003simple,
  title={Simple model of spiking neurons},
  author={Izhikevich, Eugene M},
  journal={IEEE Transactions on neural networks},
  volume={14},
  number={6},
  pages={1569--1572},
  year={2003},
  publisher={IEEE}
}