


@article{marr1976understanding,
  title={From understanding computation to understanding neural circuitry},
  author={Marr, David and Poggio, Tomaso},
  year={1976}
}

@article{brette2005adaptive,
  title={Adaptive exponential integrate-and-fire model as an effective description of neuronal activity},
  author={Brette, Romain and Gerstner, Wulfram},
  journal={Journal of neurophysiology},
  volume={94},
  number={5},
  pages={3637--3642},
  year={2005},
  publisher={American Physiological Society}
}

@article{billeh2020systematic,
  title={Systematic integration of structural and functional data into multi-scale models of mouse primary visual cortex},
  author={Billeh, Yazan N and Cai, Binghuang and Gratiy, Sergey L and Dai, Kael and Iyer, Ramakrishnan and Gouwens, Nathan W and Abbasi-Asl, Reza and Jia, Xiaoxuan and Siegle, Joshua H and Olsen, Shawn R and others},
  journal={Neuron},
  year={2020},
  publisher={Elsevier}
}

@article{markram2006blue,
  title={The blue brain project},
  author={Markram, Henry},
  journal={Nature Reviews Neuroscience},
  volume={7},
  number={2},
  pages={153--160},
  year={2006},
  publisher={Nature Publishing Group}
}

@inproceedings{hill2008blue,
  title={The blue brain project},
  author={Hill, Sean and Markram, Henry},
  booktitle={2008 30th Annual International Conference of the IEEE Engineering in Medicine and Biology Society},
  pages={clviii--clviii},
  year={2008},
  organization={IEEE}
}

@article{gouwens2018systematic,
  title={Systematic generation of biophysically detailed models for diverse cortical neuron types},
  author={Gouwens, Nathan W and Berg, Jim and Feng, David and Sorensen, Staci A and Zeng, Hongkui and Hawrylycz, Michael J and Koch, Christof and Arkhipov, Anton},
  journal={Nature communications},
  volume={9},
  number={1},
  pages={1--13},
  year={2018},
  publisher={Nature Publishing Group}
}

@article{banino2018vector,
  title={Vector-based navigation using grid-like representations in artificial agents},
  author={Banino, Andrea and Barry, Caswell and Uria, Benigno and Blundell, Charles and Lillicrap, Timothy and Mirowski, Piotr and Pritzel, Alexander and Chadwick, Martin J and Degris, Thomas and Modayil, Joseph and others},
  journal={Nature},
  volume={557},
  number={7705},
  pages={429--433},
  year={2018},
  publisher={Nature Publishing Group}
}
@article{rall1962electrophysiology,
  title={Electrophysiology of a dendritic neuron model},
  author={Rall, Wilfrid},
  journal={Biophysical journal},
  volume={2},
  number={2},
  pages={145--167},
  year={1962},
  publisher={Elsevier}
}
@book{gerstner2014neuronal,
  title={Neuronal dynamics: From single neurons to networks and models of cognition},
  author={Gerstner, Wulfram and Kistler, Werner M and Naud, Richard and Paninski, Liam},
  year={2014},
  publisher={Cambridge University Press}
}

@misc{who, title={Towards earlier diagnosis and treatment of disorders of the brain. Bulletin of the World Health Organization}, author={Di Luca, M., Nutt, D., Oertel, W., Boyer, P., Jaarsma, J., Destrebecq, F., … Quoidbach, V.}, url={http://doi.org/10.2471/blt.17.206599}, year={2018},volume={96(5)},
,pages ={298–298A.}} 


@misc{toledo,
    author={Maria, Toledo}. 
    title={Electrophysiological Properties of Neurons in the Rat Somatosensory Cortex at Postnatal Day 13-16}
    year
    , microcircuits.epfl.ch/#/article/article_4_eph} 
}

@misc{neuralensemble_adexp, title={pyNN.neuron implementation of AdExp is unstable, gives poor results. · Issue #266 · NeuralEnsemble/PyNN}, url={https://github.com/NeuralEnsemble/PyNN/issues/266}, journal={GitHub}, author={NeuralEnsemble}
}

@misc{neuralensemble_adexp, title={AdExp neuron with delta_T=0 doesn't produce spikes with Brian backend · Issue #370 · NeuralEnsemble/PyNN}, url={https://github.com/NeuralEnsemble/PyNN/issues/370}, journal={GitHub}, author={NeuralEnsemble}
}

@misc{EFEL, title={Electrophys Feature Extraction Library  (eFEL)}, url={https://github.com/BlueBrain/eFEL}, journal={GitHub}, author={Van Geit, Werner}
}

%Project, T. B. (2015). eFEL. GitHub repository. Retrieved from 

@article{bluepyopt,
 AUTHOR={Van Geit, Werner  and  Gevaert, Michael  and  Chindemi, Giuseppe  and  Rössert, Christian  and  Courcol, Jean-Denis  and  Muller, Eilif Benjamin  and  Schürmann, Felix  and  Segev, Idan  and  Markram, Henry},   
TITLE={BluePyOpt: Leveraging open source software and cloud infrastructure to optimise model parameters in neuroscience},
JOURNAL={Frontiers in Neuroinformatics},
VOLUME={10},
YEAR={2016},
NUMBER={17},
URL={http://www.frontiersin.org/neuroinformatics/10.3389/fninf.2016.00017/abstract},
DOI={10.3389/fninf.2016.00017},
ISSN={1662-5196}
}
@article{tripathy2014neuroelectro,
  title={NeuroElectro: a window to the world's neuron electrophysiology data},
  author={Tripathy, Shreejoy J and Savitskaya, Judith and Burton, Shawn D and Urban, Nathaniel N and Gerkin, Richard C},
  journal={Frontiers in neuroinformatics},
  volume={8},
  pages={40},
  year={2014},
  publisher={Frontiers}
}
@article{teeter2018generalized,
  title={Generalized leaky integrate-and-fire models classify multiple neuron types},
  author={Teeter, Corinne and Iyer, Ramakrishnan and Menon, Vilas and Gouwens, Nathan and Feng, David and Berg, Jim and Szafer, Aaron and Cain, Nicholas and Zeng, Hongkui and Hawrylycz, Michael and others},
  journal={Nature communications},
  volume={9},
  number={1},
  pages={1--15},
  year={2018},
  publisher={Nature Publishing Group}
}

@article{izhikevich2003simple,
  title={Simple model of spiking neurons},
  author={Izhikevich, Eugene M},
  journal={IEEE Transactions on neural networks},
  volume={14},
  number={6},
  pages={1569--1572},
  year={2003},
  publisher={IEEE}
}