@article{brette2005adaptive,
  title={Adaptive exponential integrate-and-fire model as an effective description of neuronal activity},
  author={Brette, Romain and Gerstner, Wulfram},
  journal={Journal of neurophysiology},
  volume={94},
  number={5},
  pages={3637--3642},
  year={2005},
  publisher={American Physiological Society}
}